@book{defusco,
    title={"Storia dellâ€™arte contemporanea"},
    author={De Fusco, R},
    year={2003},
    publisher={Editori Laterza}
}

@online{Axa,
    title = {"AXA Art"},
    year = {2014},
    url = {https://www.artinfo24.com/Downloads/AXA_ART_Kunstsammler_Studie.pdf}
}
